<?xml version="1.0" encoding="UTF-8"?><record xmlns="http://www.loc.gov/MARC21/slim" xmlns:cinclude="http://apache.org/cocoon/include/1.0" xmlns:zs="http://www.loc.gov/zing/srw/">
  <leader>00409nz  a2200121n  4500</leader>
  <controlfield tag="001">n  93002021 </controlfield>
  <controlfield tag="003">DLC</controlfield>
  <controlfield tag="005">19930111083723.7</controlfield>
  <controlfield tag="008">930111n| acannaab|          |n aaa |||  </controlfield>
  <datafield tag="010" ind1=" " ind2=" ">
    <subfield code="a">n  93002021 </subfield>
  </datafield>
  <datafield tag="040" ind1=" " ind2=" ">
    <subfield code="a">DLC</subfield>
    <subfield code="c">DLC</subfield>
  </datafield>
  <datafield tag="100" ind1="1" ind2="0">
    <subfield code="a">Andrews, John,</subfield>
    <subfield code="d">1734-1777</subfield>
  </datafield>
  <datafield tag="670" ind1=" " ind2=" ">
    <subfield code="a">NUCMC data from Fairfield Historical Society for Dimon family. Papers, 1724-1834</subfield>
    <subfield code="b">(John Andrews; 1734-1777; involved in shipping; Fairfield, Conn.)</subfield>
  </datafield>
</record>